@book{nielsen_michael_a._quantum_2000,
	title = {Quantum Computation and Quantum Information},
	publisher = {Cambridge University Press},
	author = {Nielsen, Michael A., and Isaac L. Chuang},
	year = {2000}
}

@article{devitt_requirements_2013,
	title = {Requirements for fault-tolerant factoring on an atom-optics quantum computer},
	volume = {4},
	doi = {10.1038/ncomms3524},
	journal = {Nature Communications},
	author = {{Simon J. Devitt} and {Ashley M. Stephens} and {William J. Munro} and {Kae Nemoto}},
	year = {2013},
	pages = {2524}
}

@article{soare_experimental_2014,
	title = {Experimental noise filtering by quantum control},
	doi = {10.1038/nphys3115},
	number = {10},
	journal = {Nature Physics},
	author = {{A. Soare} and {H. Ball} and {D. Hayes} and {J. Sastrawan} and {M. C. Jarratt} and {X. Zhen} and {J. J. McLoughlin} and {T. J. Green} and {M. J. Biercuk}},
	year = {2014},
	pages = {825--829}
}

@article{ball_walsh-synthesized_2014,
   author = {{Ball}, H. and {Biercuk}, M.~J.},
    title = "{Walsh-synthesized noise-filtering quantum logic}",
  journal = {ArXiv e-prints},
archivePrefix = "arXiv",
   eprint = {1410.1624},
 primaryClass = "quant-ph",
 keywords = {Quantum Physics, Condensed Matter - Mesoscale and Nanoscale Physics},
     year = 2014,
    month = oct,
   adsurl = {http://adsabs.harvard.edu/abs/2014arXiv1410.1624B},
  adsnote = {Provided by the SAO/NASA Astrophysics Data System}
}

@article{barthel_interlaced_2010,
	title = {Interlaced Dynamical Decoupling and Coherent Operation of a Singlet-Triplet Qubit},
	volume = {105},
	issn = {0031-9007, 1079-7114},
	url = {http://link.aps.org/doi/10.1103/PhysRevLett.105.266808},
	doi = {10.1103/PhysRevLett.105.266808},
	language = {en},
	number = {26},
	urldate = {2014-12-02},
	journal = {Physical Review Letters},
	author = {Barthel, C. and Medford, J. and Marcus, C. M. and Hanson, M. P. and Gossard, A. C.},
	month = dec,
	year = {2010},
	file = {Reference 11, PhysRevLett.pdf:C\:\\Users\\Nithya Menon\\AppData\\Roaming\\Zotero\\Zotero\\Profiles\\6yg1z2pl.default\\zotero\\storage\\J2KZ6E8W\\Reference 11, PhysRevLett.pdf:application/pdf}
}

@article{biercuk_optimized_2009,
	title = {Optimized dynamical decoupling in a model quantum memory},
	volume = {458},
	issn = {0028-0836, 1476-4687},
	url = {http://www.nature.com/doifinder/10.1038/nature07951},
	doi = {10.1038/nature07951},
	number = {7241},
	urldate = {2014-12-02},
	journal = {Nature},
	author = {Biercuk, Michael J. and Uys, Hermann and VanDevender, Aaron P. and Shiga, Nobuyasu and Itano, Wayne M. and Bollinger, John J.},
	month = apr,
	year = {2009},
	pages = {996--1000},
	file = {Ref 7 - OptimizedDecoupling_Biercuk.pdf:C\:\\Users\\Nithya Menon\\AppData\\Roaming\\Zotero\\Zotero\\Profiles\\6yg1z2pl.default\\zotero\\storage\\F6AJQGGU\\Ref 7 - OptimizedDecoupling_Biercuk.pdf:application/pdf}
}

@article{bluhm_dephasing_2011,
	title = {Dephasing time of {GaAs} electron-spin qubits coupled to a nuclear bath exceeding 200 μs},
	volume = {7},
	issn = {1745-2473, 1745-2481},
	url = {http://www.nature.com/doifinder/10.1038/nphys1856},
	doi = {10.1038/nphys1856},
	number = {2},
	urldate = {2014-12-02},
	journal = {Nature Physics},
	author = {Bluhm, Hendrik and Foletti, Sandra and Neder, Izhar and Rudner, Mark and Mahalu, Diana and Umansky, Vladimir and Yacoby, Amir},
	month = feb,
	year = {2011},
	pages = {109--113},
	file = {Reference 12, Nature Physics.pdf:C\:\\Users\\Nithya Menon\\AppData\\Roaming\\Zotero\\Zotero\\Profiles\\6yg1z2pl.default\\zotero\\storage\\4734GJ2X\\Reference 12, Nature Physics.pdf:application/pdf}
}

@inproceedings{christensen_free-space_2011,
	title = {Free-space Photon Storage with Variable Time Delays},
	url = {http://www.opticsinfobase.org/abstract.cfm?uri=QELS-2011-QThJ2},
	urldate = {2014-12-02},
	booktitle = {Quantum Electronics and Laser Science Conference},
	publisher = {Optical Society of America},
	author = {Christensen, Bradley G. and McCusker, Kevin and Goggin, Michael and Crimmins, Katie and Kwiat, Paul},
	year = {2011},
	pages = {QThJ2},
	file = {Christensen_PhotonStorage.pdf:C\:\\Users\\Nithya Menon\\AppData\\Roaming\\Zotero\\Zotero\\Profiles\\6yg1z2pl.default\\zotero\\storage\\A23MZW3S\\Christensen_PhotonStorage.pdf:application/pdf}
}

@article{clark_ultrafast_2009,
	title = {Ultrafast Optical Spin Echo for Electron Spins in Semiconductors},
	volume = {102},
	issn = {0031-9007, 1079-7114},
	url = {http://link.aps.org/doi/10.1103/PhysRevLett.102.247601},
	doi = {10.1103/PhysRevLett.102.247601},
	language = {en},
	number = {24},
	urldate = {2014-12-02},
	journal = {Physical Review Letters},
	author = {Clark, Susan and Fu, Kai-Mei and Zhang, Qiang and Ladd, Thaddeus and Stanley, Colin and Yamamoto, Yoshihisa},
	month = jun,
	year = {2009},
	file = {Reference 4, PhysRevLett.pdf:C\:\\Users\\Nithya Menon\\AppData\\Roaming\\Zotero\\Zotero\\Profiles\\6yg1z2pl.default\\zotero\\storage\\8HS4RMK5\\Reference 4, PhysRevLett.pdf:application/pdf}
}

@article{clark_quantum_2007,
	title = {Quantum Computers Based on Electron Spins Controlled by Ultrafast Off-Resonant Single Optical Pulses},
	volume = {99},
	issn = {0031-9007, 1079-7114},
	url = {http://link.aps.org/doi/10.1103/PhysRevLett.99.040501},
	doi = {10.1103/PhysRevLett.99.040501},
	language = {en},
	number = {4},
	urldate = {2014-12-02},
	journal = {Physical Review Letters},
	author = {Clark, Susan M. and Fu, Kai-Mei C. and Ladd, Thaddeus D. and Yamamoto, Yoshihisa},
	month = jul,
	year = {2007},
	file = {Reference 2, PhysRevLett.pdf:C\:\\Users\\Nithya Menon\\AppData\\Roaming\\Zotero\\Zotero\\Profiles\\6yg1z2pl.default\\zotero\\storage\\K35DZSHP\\Reference 2, PhysRevLett.pdf:application/pdf}
}

@article{de_greve_ultrafast_2011,
	title = {Ultrafast coherent control and suppressed nuclear feedback of a single quantum dot hole qubit},
	volume = {7},
	issn = {1745-2473, 1745-2481},
	url = {http://www.nature.com/doifinder/10.1038/nphys2078},
	doi = {10.1038/nphys2078},
	number = {11},
	urldate = {2014-12-02},
	journal = {Nature Physics},
	author = {De Greve, Kristiaan and McMahon, Peter L. and Press, David and Ladd, Thaddeus D. and Bisping, Dirk and Schneider, Christian and Kamp, Martin and Worschech, Lukas and Höfling, Sven and Forchel, Alfred and Yamamoto, Yoshihisa},
	month = aug,
	year = {2011},
	pages = {872--878},
	file = {Reference 8, Nature Physics.pdf:C\:\\Users\\Nithya Menon\\AppData\\Roaming\\Zotero\\Zotero\\Profiles\\6yg1z2pl.default\\zotero\\storage\\DDRQZGQZ\\Reference 8, Nature Physics.pdf:application/pdf}
}

@article{de_greve_quantum-dot_2012,
	title = {Quantum-dot spin–photon entanglement via frequency downconversion to telecom wavelength},
	volume = {491},
	issn = {0028-0836, 1476-4687},
	url = {http://www.nature.com/doifinder/10.1038/nature11577},
	doi = {10.1038/nature11577},
	number = {7424},
	urldate = {2014-12-02},
	journal = {Nature},
	author = {De Greve, Kristiaan and Yu, Leo and McMahon, Peter L. and Pelc, Jason S. and Natarajan, Chandra M. and Kim, Na Young and Abe, Eisuke and Maier, Sebastian and Schneider, Christian and Kamp, Martin and Höfling, Sven and Hadfield, Robert H. and Forchel, Alfred and Fejer, M. M. and Yamamoto, Yoshihisa},
	month = nov,
	year = {2012},
	pages = {421--425},
	file = {Reference 10, Nature.pdf:C\:\\Users\\Nithya Menon\\AppData\\Roaming\\Zotero\\Zotero\\Profiles\\6yg1z2pl.default\\zotero\\storage\\DBK5XNCN\\Reference 10, Nature.pdf:application/pdf}
}

@article{herriott_folded_1965,
	title = {Folded optical delay lines},
	volume = {4},
	url = {http://www.opticsinfobase.org/ao/fulltext.cfm?uri=ao-4-8-883&id=13865},
	number = {8},
	urldate = {2014-12-02},
	journal = {Applied Optics},
	author = {Herriott, Donald R. and Schulte, Harry J.},
	year = {1965},
	pages = {883--889},
	file = {Herriott_FoldedOpticalDelayLines.pdf:C\:\\Users\\Nithya Menon\\AppData\\Roaming\\Zotero\\Zotero\\Profiles\\6yg1z2pl.default\\zotero\\storage\\EU4QA8WJ\\Herriott_FoldedOpticalDelayLines.pdf:application/pdf}
}

@article{kim_ultrafast_2011,
	title = {Ultrafast optical control of entanglement between two quantum-dot spins},
	volume = {7},
	issn = {1745-2473, 1745-2481},
	url = {http://www.nature.com/doifinder/10.1038/nphys1863},
	doi = {10.1038/nphys1863},
	number = {3},
	urldate = {2014-12-02},
	journal = {Nature Physics},
	author = {Kim, Danny and Carter, Samuel G. and Greilich, Alex and Bracker, Allan S. and Gammon, Daniel},
	month = mar,
	year = {2011},
	pages = {223--229},
	file = {Reference 7, Nature Physics.pdf:C\:\\Users\\Nithya Menon\\AppData\\Roaming\\Zotero\\Zotero\\Profiles\\6yg1z2pl.default\\zotero\\storage\\3AZMV3RV\\Reference 7, Nature Physics.pdf:application/pdf}
}

@article{kimble_quantum_2008,
	title = {The quantum internet},
	volume = {453},
	issn = {0028-0836, 1476-4687},
	url = {http://www.nature.com/doifinder/10.1038/nature07127},
	doi = {10.1038/nature07127},
	number = {7198},
	urldate = {2014-12-02},
	journal = {Nature},
	author = {Kimble, H. J.},
	month = jun,
	year = {2008},
	pages = {1023--1030},
	file = {Reference 1, Nature.pdf:C\:\\Users\\Nithya Menon\\AppData\\Roaming\\Zotero\\Zotero\\Profiles\\6yg1z2pl.default\\zotero\\storage\\EISEGADQ\\Reference 1, Nature.pdf:application/pdf}
}

@article{ladd_pulsed_2010,
	title = {Pulsed Nuclear Pumping and Spin Diffusion in a Single Charged Quantum Dot},
	volume = {105},
	issn = {0031-9007, 1079-7114},
	url = {http://link.aps.org/doi/10.1103/PhysRevLett.105.107401},
	doi = {10.1103/PhysRevLett.105.107401},
	language = {en},
	number = {10},
	urldate = {2014-12-02},
	journal = {Physical Review Letters},
	author = {Ladd, Thaddeus D. and Press, David and De Greve, Kristiaan and McMahon, Peter L. and Friess, Benedikt and Schneider, Christian and Kamp, Martin and Höfling, Sven and Forchel, Alfred and Yamamoto, Yoshihisa},
	month = sep,
	year = {2010},
	file = {Reference 6, PhysRevLett.pdf:C\:\\Users\\Nithya Menon\\AppData\\Roaming\\Zotero\\Zotero\\Profiles\\6yg1z2pl.default\\zotero\\storage\\FXRVVNBR\\Reference 6, PhysRevLett.pdf:application/pdf}
}

@inproceedings{ladd_nuclear_2011,
	title = {Nuclear feedback in a single electron-charged quantum dot under pulsed optical control},
	url = {http://proceedings.spiedigitallibrary.org/proceeding.aspx?articleid=722545},
	urldate = {2014-12-02},
	booktitle = {{SPIE} {OPTO}},
	publisher = {International Society for Optics and Photonics},
	author = {Ladd, Thaddeus D. and Press, David and De Greve, Kristiaan and McMahon, Peter L. and Friess, Benedikt and Schneider, Christian and Kamp, Martin and Höfling, Sven and Forchel, Alfred and Yamamoto, Yoshihisa},
	year = {2011},
	pages = {79480U--79480U},
	file = {Reference 9.pdf:C\:\\Users\\Nithya Menon\\AppData\\Roaming\\Zotero\\Zotero\\Profiles\\6yg1z2pl.default\\zotero\\storage\\JMJ58ME4\\Reference 9.pdf:application/pdf}
}

@article{press_ultrafast_2010,
	title = {Ultrafast optical spin echo in a single quantum dot},
	volume = {4},
	issn = {1749-4885, 1749-4893},
	url = {http://www.nature.com/doifinder/10.1038/nphoton.2010.83},
	doi = {10.1038/nphoton.2010.83},
	number = {6},
	urldate = {2014-12-02},
	journal = {Nature Photonics},
	author = {Press, David and De Greve, Kristiaan and McMahon, Peter L. and Ladd, Thaddeus D. and Friess, Benedikt and Schneider, Christian and Kamp, Martin and Höfling, Sven and Forchel, Alfred and Yamamoto, Yoshihisa},
	month = jun,
	year = {2010},
	pages = {367--370},
	file = {Reference 5.pdf:C\:\\Users\\Nithya Menon\\AppData\\Roaming\\Zotero\\Zotero\\Profiles\\6yg1z2pl.default\\zotero\\storage\\5DI6WJ3Z\\Reference 5.pdf:application/pdf}
}

@article{press_complete_2008,
	title = {Complete quantum control of a single quantum dot spin using ultrafast optical pulses},
	volume = {456},
	issn = {0028-0836, 1476-4687},
	url = {http://www.nature.com/doifinder/10.1038/nature07530},
	doi = {10.1038/nature07530},
	number = {7219},
	urldate = {2014-12-02},
	journal = {Nature},
	author = {Press, David and Ladd, Thaddeus D. and Zhang, Bingyang and Yamamoto, Yoshihisa},
	month = nov,
	year = {2008},
	pages = {218--221},
	file = {Reference 3, Nature.pdf:C\:\\Users\\Nithya Menon\\AppData\\Roaming\\Zotero\\Zotero\\Profiles\\6yg1z2pl.default\\zotero\\storage\\QNWTCTZM\\Reference 3, Nature.pdf:application/pdf}
}

@article{robert_simple_2007,
	title = {Simple, stable, and compact multiple-reflection optical cell for very long optical paths},
	volume = {46},
	url = {http://www.opticsinfobase.org/abstract.cfm?uri=ao-46-22-5408},
	number = {22},
	urldate = {2014-12-02},
	journal = {Applied optics},
	author = {Robert, Claude},
	year = {2007},
	pages = {5408--5418},
	file = {Robert_MultipleReflectionOptics.pdf:C\:\\Users\\Nithya Menon\\AppData\\Roaming\\Zotero\\Zotero\\Profiles\\6yg1z2pl.default\\zotero\\storage\\IGGQ2U54\\Robert_MultipleReflectionOptics.pdf:application/pdf}
}

@article{sennaroglu_design_2003,
	title = {Design criteria for Herriott-type multi-pass cavities for ultrashort pulse lasers},
	volume = {11},
	url = {http://www.opticsinfobase.org/abstract.cfm?uri=OE-11-9-1106},
	number = {9},
	urldate = {2014-12-02},
	journal = {Optics express},
	author = {Sennaroglu, Alphan and Fujimoto, James},
	year = {2003},
	pages = {1106--1113},
	file = {Sennaroglu_HerriottUltraFastDesign.pdf:C\:\\Users\\Nithya Menon\\AppData\\Roaming\\Zotero\\Zotero\\Profiles\\6yg1z2pl.default\\zotero\\storage\\VGBPR2H2\\Sennaroglu_HerriottUltraFastDesign.pdf:application/pdf}
}

@article{uhrig_keeping_2007,
	title = {Keeping a Quantum Bit Alive by Optimized π-Pulse Sequences},
	volume = {98},
	issn = {0031-9007, 1079-7114},
	url = {http://link.aps.org/doi/10.1103/PhysRevLett.98.100504},
	doi = {10.1103/PhysRevLett.98.100504},
	language = {en},
	number = {10},
	urldate = {2014-12-02},
	journal = {Physical Review Letters},
	author = {Uhrig, Götz},
	month = mar,
	year = {2007},
	file = {Reference 13, PhysRevLett.pdf:C\:\\Users\\Nithya Menon\\AppData\\Roaming\\Zotero\\Zotero\\Profiles\\6yg1z2pl.default\\zotero\\storage\\E5VAVV3C\\Reference 13, PhysRevLett.pdf:application/pdf}
}

@article{west_near-optimal_2010,
	title = {Near-optimal dynamical decoupling of a qubit},
	volume = {104},
	url = {http://journals.aps.org/prl/abstract/10.1103/PhysRevLett.104.130501},
	number = {13},
	urldate = {2014-12-02},
	journal = {Physical review letters},
	author = {West, Jacob R. and Fong, Bryan H. and Lidar, Daniel A.},
	year = {2010},
	pages = {130501},
	file = {Ref 9 - West, Fong, and Lidar.pdf:C\:\\Users\\Nithya Menon\\AppData\\Roaming\\Zotero\\Zotero\\Profiles\\6yg1z2pl.default\\zotero\\storage\\IESDRZQ4\\Ref 9 - West, Fong, and Lidar.pdf:application/pdf}
}


@manual{bme_pockel,
	title = {{BME} - Bergmann Messgeraete Entwicklung: Lightgate 4 Driver Performance},
	note = {http://www.bme-bergmann.de/lightgate4.htm},
	urldate = {2014-12-11},
	journal = {Pockels Cell Drivers},
	file = {BME - Bergmann Messgeraete Entwicklung\: Lightgate 4 Driver Performance:C\:\\Users\\Alexander\\AppData\\Roaming\\Zotero\\Zotero\\Profiles\\3ym3e3q3.default\\zotero\\storage\\K928NEZ8\\lightgate4.html:text/html}
}

@manual{lightgate_pockel,
	title = {LightGate Series BBO Pockels Cell Gooch \& Housego},
	note = {http://goochandhousego.com/product/lightgate-series-bbo-pockels-cell/},
	urldate = {2014-12-12},
	file = {LightGate Series BBO Pockels Cell | Gooch & Housego:C\:\\Users\\Alexander\\AppData\\Roaming\\Zotero\\Zotero\\Profiles\\3ym3e3q3.default\\zotero\\storage\\FFECG3TG\\lightgate-series-bbo-pockels-cell.html:text/html}
}

@proceeding{Nuclear_Feedback,
author = {Ladd, Thaddeus D. and Press, David and De Greve, Kristiaan and McMahon, Peter L. and Friess, Benedikt and Schneider, Christian and Kamp, Martin and Höfling, Sven and Forchel, Alfred and Yamamoto, Yoshihisa},
title = {Nuclear feedback in a single electron-charged quantum dot under pulsed optical control},
journal = {Proc. SPIE},
volume = {7948},
number = {},
pages = {79480U-79480U-15},
year = {2011},
doi = {10.1117/12.873978},
URL = { http://dx.doi.org/10.1117/12.873978},
eprint = {}
}

@article{Hahn_Spin_Echo,
  title = {Spin {Echoes}},
  author = {Hahn, E.},
  journal = {Phys. Rev.},
  volume = {80},
  issue = {4},
  pages = {580--594},
  numpages = {15},
  year = {1950},
  month = {Nov},
  publisher = {American Physical Society},
  doi = {10.1103/PhysRev.80.580},
  url = {http://link.aps.org/doi/10.1103/PhysRev.80.580}
}

@misc{spin_2014,
	type = {Online Encyclopedia},
	title = {Wikipedia: Spin Echo},
	note ={http://en.wikipedia.org/wiki/Spin\_echo},
	journal = {wikipedia},
	month = dec,
	year = {2014}
}

@article{Uhrig,
  title = {Keeping a Quantum Bit Alive by Optimized $\pi$-Pulse Sequences},
  author = {Uhrig, G\"otz},
  journal = {Phys. Rev. Lett.},
  volume = {98},
  issue = {10},
  pages = {100504},
  numpages = {4},
  year = {2007},
  month = {Mar},
  publisher = {American Physical Society},
  doi = {10.1103/PhysRevLett.98.100504},
  url = {http://link.aps.org/doi/10.1103/PhysRevLett.98.100504}
}

@article{FTIR,
   author = "Zhu, S. and Yu, A. W. and Hawley, D. and Roy, R.",
   title = "Frustrated total internal reflection: A demonstration and review",
   journal = "American Journal of Physics",
   year = "1986",
   volume = "54",
   number = "7", 
   eid = ,
   pages = "601-607",
   url = "http://scitation.aip.org/content/aapt/journal/ajp/54/7/10.1119/1.14514",
   doi = "http://dx.doi.org/10.1119/1.14514" 
}

@incollection{Properties_of_Prisms,
	title = {Chapter 3
Polarization Properties of Prisms
and Reflectors
},
	note ={E-Book Chapter, http://spie.org/samples/PM200.pdf}
}

@misc{RP_Pockels_Cell,
	title = {{RP} Photonics Encyclopedia:Pockels Cell},
	note = {http://www.rp-photonics.com/pockels\_cells.html},
	journal = {{RP} Photonics},
	author = {Dr. Paschotta, Rüdiger}
}

@misc{RP_Birefringence,
	title = {{RP} Photonics Encyclopedia:Birefringence},
	note = {http://www.rp-photonics.com/birefringence.html},
	journal = {{RP} Photonics},
	author = {Dr. Paschotta, Rüdiger}
}

@misc{RP_EOM,
	title = {{RP} Photonics Encyclopedia:Electro-Optic Modulators},
	note = {http://www.rp-photonics.com/electro\_optic\_modulators.html},
	journal = {{RP} Photonics},
	author = {Dr. Paschotta, Rüdiger}
}

@misc{United_Crystals,
	title = {United {Crystals}: {Overview} of Pockels Cells},
	note = {http://www.unitedcrystals.com/QSwitch.html},
	journal = {United Crystals},
	year = {2013}
}

@misc{simcik_module,
title = {MODULE 4-7
ELECTRO-OPTIC AND ACOUSTO-OPTIC DEVICES},
	note = {Lab Exercise, http://pe2bz.philpem.me.uk/Lights/-20Laser/Info-999-LaserCourse/C04-M07-ElectroOptic+AcoustoOpticDevices/mod04\_07.htm},
	author = {Simcik, John}
    year = {2014}
}

@misc{Sintec,
	title = { Sintec {Optronics}: Pockels Cells \& Pockels Cell Drivers ({EO} Q-switches)},
	note = {http://www.sintecoptronics.com/qswitcheo.asp},
	journal = {Sintec Optronics },
	year = {2014}
}



